<record><leader>00000cas a2200000Ma 4500</leader><controlfield tag="001">10782032</controlfield><controlfield tag="008">840529d18391839mauwr ne      0    0eng d</controlfield><controlfield tag="009">330</controlfield><datafield ind1=" " ind2=" " tag="010"><subfield code="a">sn 84023160 </subfield></datafield><datafield ind1=" " ind2=" " tag="040"><subfield code="a">AQM</subfield><subfield code="b">eng</subfield><subfield code="c">AQM</subfield></datafield><datafield ind1="0" ind2="4" tag="245"><subfield code="a">The Expostulator.</subfield></datafield><datafield ind1=" " ind2=" " tag="260"><subfield code="a">Boston [Mass.] :</subfield><subfield code="b">Joseph H. Buckingham,</subfield><subfield code="c">1839- .</subfield></datafield><datafield ind1=" " ind2=" " tag="300"><subfield code="a">v.</subfield></datafield><datafield ind1=" " ind2=" " tag="310"><subfield code="a">Weekly</subfield></datafield><datafield ind1="0" ind2=" " tag="362"><subfield code="a">Vol. 1, no. 1 (Aug. 7, 1839)-</subfield></datafield><datafield ind1="1" ind2=" " tag="362"><subfield code="a">Ceased in 1839?</subfield></datafield><datafield ind1=" " ind2=" " tag="500"><subfield code="a">Published from the office of: New-England galaxy (Boston, Mass. : 1838).</subfield></datafield><datafield ind1=" " ind2=" " tag="500"><subfield code="a">Issued during the political campaign of 1839.</subfield></datafield><datafield ind1=" " ind2=" " tag="500"><subfield code="a">"An uncompromising hostility to the License Law of 1838."</subfield></datafield><datafield ind1=" " ind2="7" tag="655"><subfield code="a">Campaign newspapers.</subfield><subfield code="2">ngl</subfield></datafield><datafield ind1=" " ind2=" " tag="752"><subfield code="a">United States</subfield><subfield code="b">Massachusetts</subfield><subfield code="c">Suffolk</subfield><subfield code="d">Boston.</subfield></datafield></record>